<record><leader>00000cas a2200000 a 4500</leader><controlfield tag="001">32034516</controlfield><controlfield tag="007">hd bfu---baat</controlfield><controlfield tag="007">hd afu---bact</controlfield><controlfield tag="008">950222d19461947nbuwr nea     0    0eng d</controlfield><datafield ind1=" " ind2=" " tag="010"><subfield code="a">sn 95069168 </subfield></datafield><datafield ind1=" " ind2=" " tag="040"><subfield code="a">NVG</subfield><subfield code="b">eng</subfield><subfield code="c">NVG</subfield><subfield code="d">OCL</subfield><subfield code="d">OCLCQ</subfield></datafield><datafield ind1=" " ind2=" " tag="042"><subfield code="a">msc</subfield></datafield><datafield ind1=" " ind2=" " tag="043"><subfield code="a">n-us-nb</subfield></datafield><datafield ind1="0" ind2="4" tag="245"><subfield code="a">The Lyman Nebraska leader</subfield><subfield code="h">[microform].</subfield></datafield><datafield ind1="1" ind2="3" tag="246"><subfield code="a">Lyman leader</subfield></datafield><datafield ind1=" " ind2=" " tag="260"><subfield code="a">Lyman, Neb. :</subfield><subfield code="b">Curtis Pub. Co.,</subfield><subfield code="c">1946-1947.</subfield></datafield><datafield ind1=" " ind2=" " tag="300"><subfield code="a">2 v.</subfield></datafield><datafield ind1=" " ind2=" " tag="310"><subfield code="a">Weekly</subfield></datafield><datafield ind1="0" ind2=" " tag="362"><subfield code="a">Vol. 10, no. 32 (Mar. 21, 1946)-v. 11, no. 25 (Jan. 30, 1947).</subfield></datafield><datafield ind1=" " ind2=" " tag="533"><subfield code="a">Microfilm.</subfield><subfield code="m">1946-1947.</subfield><subfield code="b">Lincoln, Neb. :</subfield><subfield code="c">Nebraska State Historical Society,</subfield><subfield code="d">1974.</subfield><subfield code="e">1 microfilm reel ; 35 mm.</subfield></datafield><datafield ind1=" " ind2=" " tag="752"><subfield code="a">United States</subfield><subfield code="b">Nebraska</subfield><subfield code="c">Scotts Bluff</subfield><subfield code="d">Lyman.</subfield></datafield><datafield ind1="0" ind2="0" tag="780"><subfield code="t">Leader (Lyman, Neb.)</subfield><subfield code="w">(DLC)sn 95069167</subfield></datafield><datafield ind1="0" ind2="0" tag="785"><subfield code="t">Lyman leader (Lyman, Neb. : 1947)</subfield><subfield code="w">(DLC)sn 95069169</subfield></datafield><datafield ind1="1" ind2=" " tag="029"><subfield code="a">AU@</subfield><subfield code="b">000011579587</subfield></datafield></record>